<?xml version="1.0" encoding="UTF-8"?>
  <record xmlns="http://www.loc.gov/MARC21/slim" type="Authority">
    <leader>00000nz  a2200000nc 4500</leader>
    <controlfield tag="001">118620274</controlfield>
    <controlfield tag="003">DE-101</controlfield>
    <controlfield tag="005">20170510010523.0</controlfield>
    <controlfield tag="008">880701n||azznnaabn           | aaa    |c</controlfield>
    <datafield tag="024" ind1="7" ind2=" ">
      <subfield code="a">118620274</subfield>
      <subfield code="0">http://d-nb.info/gnd/118620274</subfield>
      <subfield code="2">gnd</subfield>
    </datafield>
    <datafield tag="035" ind1=" " ind2=" ">
      <subfield code="a">(DE-101)118620274</subfield>
    </datafield>
    <datafield tag="035" ind1=" " ind2=" ">
      <subfield code="a">(DE-588)118620274</subfield>
    </datafield>
    <datafield tag="035" ind1=" " ind2=" ">
      <subfield code="z">(DE-588)1089600399</subfield>
    </datafield>
    <datafield tag="035" ind1=" " ind2=" ">
      <subfield code="z">(DE-588)1089216564</subfield>
    </datafield>
    <datafield tag="035" ind1=" " ind2=" ">
      <subfield code="z">(DE-588a)118620274</subfield>
      <subfield code="9">v:zg</subfield>
    </datafield>
    <datafield tag="035" ind1=" " ind2=" ">
      <subfield code="z">(DE-588c)4058719-8</subfield>
      <subfield code="9">v:zg</subfield>
    </datafield>
    <datafield tag="040" ind1=" " ind2=" ">
      <subfield code="a">DE-101</subfield>
      <subfield code="c">DE-101</subfield>
      <subfield code="9">r:DE-101</subfield>
      <subfield code="b">ger</subfield>
      <subfield code="d">9999</subfield>
      <subfield code="e">kids</subfield>
    </datafield>
    <datafield tag="042" ind1=" " ind2=" ">
      <subfield code="a">gnd1</subfield>
    </datafield>
    <datafield tag="043" ind1=" " ind2=" ">
      <subfield code="c">ZZ</subfield>
    </datafield>
    <datafield tag="065" ind1=" " ind2=" ">
      <subfield code="a">3.6p</subfield>
      <subfield code="2">sswd</subfield>
    </datafield>
    <datafield tag="075" ind1=" " ind2=" ">
      <subfield code="b">p</subfield>
      <subfield code="2">gndgen</subfield>
    </datafield>
    <datafield tag="075" ind1=" " ind2=" ">
      <subfield code="b">piz</subfield>
      <subfield code="2">gndspec</subfield>
    </datafield>
    <datafield tag="079" ind1=" " ind2=" ">
      <subfield code="a">g</subfield>
      <subfield code="q">s</subfield>
      <subfield code="q">n</subfield>
      <subfield code="q">f</subfield>
      <subfield code="u">v</subfield>
      <subfield code="u">w</subfield>
      <subfield code="u">o</subfield>
    </datafield>
    <datafield tag="100" ind1="0" ind2=" ">
      <subfield code="a">Simeon</subfield>
      <subfield code="c">Novus Theologus</subfield>
      <subfield code="d">949-1022</subfield>
    </datafield>
    <datafield tag="400" ind1="0" ind2=" ">
      <subfield code="a">Symeon</subfield>
      <subfield code="c">der Neue Theologe</subfield>
      <subfield code="d">949-1022</subfield>
    </datafield>
    <datafield tag="400" ind1="0" ind2=" ">
      <subfield code="a">Symeon</subfield>
      <subfield code="c">Neos Theologus</subfield>
      <subfield code="d">949-1022</subfield>
    </datafield>
    <datafield tag="400" ind1="0" ind2=" ">
      <subfield code="a">Symeon</subfield>
      <subfield code="c">Junior</subfield>
      <subfield code="d">949-1022</subfield>
    </datafield>
    <datafield tag="400" ind1="0" ind2=" ">
      <subfield code="a">Symeon</subfield>
      <subfield code="c">St.</subfield>
      <subfield code="d">949-1022</subfield>
    </datafield>
    <datafield tag="400" ind1="0" ind2=" ">
      <subfield code="a">Simeon Novyj Bogoslov</subfield>
      <subfield code="d">949-1022</subfield>
    </datafield>
    <datafield tag="400" ind1="0" ind2=" ">
      <subfield code="a">Simeon</subfield>
      <subfield code="c">der Neue Theologe</subfield>
      <subfield code="d">949-1022</subfield>
    </datafield>
    <datafield tag="400" ind1="0" ind2=" ">
      <subfield code="a">Symeon</subfield>
      <subfield code="c">Neos Theologos</subfield>
      <subfield code="d">949-1022</subfield>
    </datafield>
    <datafield tag="400" ind1="0" ind2=" ">
      <subfield code="a">Symeon</subfield>
      <subfield code="c">der Theologe</subfield>
      <subfield code="d">949-1022</subfield>
    </datafield>
    <datafield tag="400" ind1="0" ind2=" ">
      <subfield code="a">Simeon</subfield>
      <subfield code="c">der Theologe</subfield>
      <subfield code="d">949-1022</subfield>
    </datafield>
    <datafield tag="400" ind1="0" ind2=" ">
      <subfield code="a">Simeon</subfield>
      <subfield code="c">Neos Theologos</subfield>
      <subfield code="d">949-1022</subfield>
    </datafield>
    <datafield tag="400" ind1="0" ind2=" ">
      <subfield code="a">Simeon</subfield>
      <subfield code="c">der Jüngere</subfield>
      <subfield code="d">949-1022</subfield>
    </datafield>
    <datafield tag="400" ind1="0" ind2=" ">
      <subfield code="a">Simeon</subfield>
      <subfield code="c">Theologus</subfield>
      <subfield code="d">949-1022</subfield>
    </datafield>
    <datafield tag="400" ind1="0" ind2=" ">
      <subfield code="a">Simeon</subfield>
      <subfield code="c">Iunior</subfield>
      <subfield code="d">949-1022</subfield>
    </datafield>
    <datafield tag="400" ind1="0" ind2=" ">
      <subfield code="a">Siméon</subfield>
      <subfield code="c">le Jeune</subfield>
      <subfield code="d">949-1022</subfield>
    </datafield>
    <datafield tag="400" ind1="1" ind2=" ">
      <subfield code="a">Novus Theologus, Simeon</subfield>
      <subfield code="d">949-1022</subfield>
    </datafield>
    <datafield tag="400" ind1="0" ind2=" ">
      <subfield code="a">Simeon</subfield>
      <subfield code="c">Sancti Mamanti</subfield>
      <subfield code="d">949-1022</subfield>
    </datafield>
    <datafield tag="400" ind1="0" ind2=" ">
      <subfield code="a">Simeon</subfield>
      <subfield code="c">Neotheologus</subfield>
      <subfield code="d">949-1022</subfield>
    </datafield>
    <datafield tag="400" ind1="0" ind2=" ">
      <subfield code="a">Simeon</subfield>
      <subfield code="c">Constantinopolitanus</subfield>
      <subfield code="d">949-1022</subfield>
    </datafield>
    <datafield tag="400" ind1="0" ind2=" ">
      <subfield code="a">Simeon</subfield>
      <subfield code="c">Mysticus</subfield>
      <subfield code="d">949-1022</subfield>
    </datafield>
    <datafield tag="400" ind1="0" ind2=" ">
      <subfield code="a">Simeon</subfield>
      <subfield code="c">Xerocercus</subfield>
      <subfield code="d">949-1022</subfield>
    </datafield>
    <datafield tag="400" ind1="0" ind2=" ">
      <subfield code="a">Symeon</subfield>
      <subfield code="c">Novus Theologus</subfield>
      <subfield code="d">949-1022</subfield>
    </datafield>
    <datafield tag="400" ind1="0" ind2=" ">
      <subfield code="a">Symeōn</subfield>
      <subfield code="c">ho Neos Theologos</subfield>
      <subfield code="d">949-1022</subfield>
    </datafield>
    <datafield tag="400" ind1="0" ind2=" ">
      <subfield code="a">Symeon</subfield>
      <subfield code="c">Iunior</subfield>
      <subfield code="d">949-1022</subfield>
    </datafield>
    <datafield tag="400" ind1="0" ind2=" ">
      <subfield code="a">Symeon</subfield>
      <subfield code="c">le Nouveau Théologien</subfield>
      <subfield code="d">949-1022</subfield>
    </datafield>
    <datafield tag="400" ind1="0" ind2=" ">
      <subfield code="a">Syméon</subfield>
      <subfield code="c">le Nouveau Théologien</subfield>
      <subfield code="d">949-1022</subfield>
    </datafield>
    <datafield tag="400" ind1="0" ind2=" ">
      <subfield code="a">Simeon</subfield>
      <subfield code="c">Iunior Theologus</subfield>
      <subfield code="d">949-1022</subfield>
    </datafield>
    <datafield tag="400" ind1="0" ind2=" ">
      <subfield code="a">Symeon</subfield>
      <subfield code="c">the New Theologian</subfield>
      <subfield code="d">949-1022</subfield>
    </datafield>
    <datafield tag="400" ind1="0" ind2=" ">
      <subfield code="a">Symeon</subfield>
      <subfield code="c">Saint</subfield>
      <subfield code="d">949-1022</subfield>
    </datafield>
    <datafield tag="400" ind1="0" ind2=" ">
      <subfield code="a">Symeon</subfield>
      <subfield code="c">der neue Theologe</subfield>
      <subfield code="d">949-1022</subfield>
    </datafield>
    <datafield tag="400" ind1="0" ind2=" ">
      <subfield code="a">Symeon</subfield>
      <subfield code="c">Neotheologus</subfield>
      <subfield code="d">949-1022</subfield>
    </datafield>
    <datafield tag="400" ind1="0" ind2=" ">
      <subfield code="a">Simeone</subfield>
      <subfield code="c">il Nuovo Teologo</subfield>
      <subfield code="d">949-1022</subfield>
    </datafield>
    <datafield tag="400" ind1="0" ind2=" ">
      <subfield code="a">Simeon Novus Theologus</subfield>
      <subfield code="c">Abt, Theologe, Byzanz</subfield>
      <subfield code="d">949-1022</subfield>
    </datafield>
    <datafield tag="400" ind1="0" ind2=" ">
      <subfield code="9">L:fre</subfield>
      <subfield code="a">Simeon Novus Theologus</subfield>
      <subfield code="c">Abbé, Théologien, Byzance</subfield>
      <subfield code="d">949-1022</subfield>
      <subfield code="5">CH-GND</subfield>
    </datafield>
    <datafield tag="400" ind1="0" ind2=" ">
      <subfield code="9">L:eng</subfield>
      <subfield code="a">Simeon Novus Theologus</subfield>
      <subfield code="c">Abbot, Theologist, Byzantium</subfield>
      <subfield code="d">949-1022</subfield>
      <subfield code="5">CH-GND</subfield>
    </datafield>
    <datafield tag="400" ind1="0" ind2=" ">
      <subfield code="a">Simeon Neotheologus</subfield>
      <subfield code="c">Abt, Theologe, Byzanz</subfield>
      <subfield code="d">949-1022</subfield>
    </datafield>
    <datafield tag="400" ind1="0" ind2=" ">
      <subfield code="a">Simeon Neotheologus</subfield>
      <subfield code="c">Abbé, Théologien, Byzance</subfield>
      <subfield code="d">949-1022</subfield>
    </datafield>
    <datafield tag="400" ind1="0" ind2=" ">
      <subfield code="a">Simeon Neotheologus</subfield>
      <subfield code="c">Abbot, Theologist, Byzantium</subfield>
      <subfield code="d">949-1022</subfield>
    </datafield>
    <datafield tag="400" ind1="0" ind2=" ">
      <subfield code="a">Simeon Constantinopolitanus</subfield>
      <subfield code="c">Abt, Theologe, Byzanz</subfield>
      <subfield code="d">949-1022</subfield>
    </datafield>
    <datafield tag="400" ind1="0" ind2=" ">
      <subfield code="a">Simeon Constantinopolitanus</subfield>
      <subfield code="c">Abbé, Théologien, Byzance</subfield>
      <subfield code="d">949-1022</subfield>
    </datafield>
    <datafield tag="400" ind1="0" ind2=" ">
      <subfield code="a">Simeon Constantinopolitanus</subfield>
      <subfield code="c">Abbot, Theologist, Byzantium</subfield>
      <subfield code="d">949-1022</subfield>
    </datafield>
    <datafield tag="400" ind1="0" ind2=" ">
      <subfield code="a">Simeon der Jüngere</subfield>
      <subfield code="c">Abt, Theologe, Byzanz</subfield>
      <subfield code="d">949-1022</subfield>
    </datafield>
    <datafield tag="400" ind1="0" ind2=" ">
      <subfield code="a">Simeon der Jüngere</subfield>
      <subfield code="c">Abbé, Théologien, Byzance</subfield>
      <subfield code="d">949-1022</subfield>
    </datafield>
    <datafield tag="400" ind1="0" ind2=" ">
      <subfield code="a">Simeon der Jüngere</subfield>
      <subfield code="c">Abbot, Theologist, Byzantium</subfield>
      <subfield code="d">949-1022</subfield>
    </datafield>
    <datafield tag="400" ind1="0" ind2=" ">
      <subfield code="a">Simeon der Neue Theologe</subfield>
      <subfield code="c">Abt, Theologe, Byzanz</subfield>
      <subfield code="d">949-1022</subfield>
    </datafield>
    <datafield tag="400" ind1="0" ind2=" ">
      <subfield code="a">Simeon der Neue Theologe</subfield>
      <subfield code="c">Abbé, Théologien, Byzance</subfield>
      <subfield code="d">949-1022</subfield>
    </datafield>
    <datafield tag="400" ind1="0" ind2=" ">
      <subfield code="a">Simeon der Neue Theologe</subfield>
      <subfield code="c">Abbot, Theologist, Byzantium</subfield>
      <subfield code="d">949-1022</subfield>
    </datafield>
    <datafield tag="400" ind1="0" ind2=" ">
      <subfield code="a">Simeon der Theologe</subfield>
      <subfield code="c">Abt, Theologe, Byzanz</subfield>
      <subfield code="d">949-1022</subfield>
    </datafield>
    <datafield tag="400" ind1="0" ind2=" ">
      <subfield code="a">Simeon der Theologe</subfield>
      <subfield code="c">Abbé, Théologien, Byzance</subfield>
      <subfield code="d">949-1022</subfield>
    </datafield>
    <datafield tag="400" ind1="0" ind2=" ">
      <subfield code="a">Simeon der Theologe</subfield>
      <subfield code="c">Abbot, Theologist, Byzantium</subfield>
      <subfield code="d">949-1022</subfield>
    </datafield>
    <datafield tag="400" ind1="0" ind2=" ">
      <subfield code="a">Simeon Junior</subfield>
      <subfield code="c">Abt, Theologe, Byzanz</subfield>
      <subfield code="d">949-1022</subfield>
    </datafield>
    <datafield tag="400" ind1="0" ind2=" ">
      <subfield code="a">Simeon Junior</subfield>
      <subfield code="c">Abbé, Théologien, Byzance</subfield>
      <subfield code="d">949-1022</subfield>
    </datafield>
    <datafield tag="400" ind1="0" ind2=" ">
      <subfield code="a">Simeon Junior</subfield>
      <subfield code="c">Abbot, Theologist, Byzantium</subfield>
      <subfield code="d">949-1022</subfield>
    </datafield>
    <datafield tag="400" ind1="0" ind2=" ">
      <subfield code="a">Simeon Mysticus</subfield>
      <subfield code="c">Abt, Theologe, Byzanz</subfield>
      <subfield code="d">949-1022</subfield>
    </datafield>
    <datafield tag="400" ind1="0" ind2=" ">
      <subfield code="a">Simeon Mysticus</subfield>
      <subfield code="c">Abbé, Théologien, Byzance</subfield>
      <subfield code="d">949-1022</subfield>
    </datafield>
    <datafield tag="400" ind1="0" ind2=" ">
      <subfield code="a">Simeon Mysticus</subfield>
      <subfield code="c">Abbot, Theologist, Byzantium</subfield>
      <subfield code="d">949-1022</subfield>
    </datafield>
    <datafield tag="400" ind1="0" ind2=" ">
      <subfield code="a">Simeon ho Neos Theologos</subfield>
      <subfield code="c">Abt, Theologe, Byzanz</subfield>
      <subfield code="d">949-1022</subfield>
    </datafield>
    <datafield tag="400" ind1="0" ind2=" ">
      <subfield code="a">Simeon ho Neos Theologos</subfield>
      <subfield code="c">Abbé, Théologien, Byzance</subfield>
      <subfield code="d">949-1022</subfield>
    </datafield>
    <datafield tag="400" ind1="0" ind2=" ">
      <subfield code="a">Simeon ho Neos Theologos</subfield>
      <subfield code="c">Abbot, Theologist, Byzantium</subfield>
      <subfield code="d">949-1022</subfield>
    </datafield>
    <datafield tag="400" ind1="0" ind2=" ">
      <subfield code="a">Simeon Sancti Mamanti</subfield>
      <subfield code="c">Abt, Theologe, Byzanz</subfield>
      <subfield code="d">949-1022</subfield>
    </datafield>
    <datafield tag="400" ind1="0" ind2=" ">
      <subfield code="a">Simeon Sancti Mamanti</subfield>
      <subfield code="c">Abbé, Théologien, Byzance</subfield>
      <subfield code="d">949-1022</subfield>
    </datafield>
    <datafield tag="400" ind1="0" ind2=" ">
      <subfield code="a">Simeon Sancti Mamanti</subfield>
      <subfield code="c">Abbot, Theologist, Byzantium</subfield>
      <subfield code="d">949-1022</subfield>
    </datafield>
    <datafield tag="400" ind1="0" ind2=" ">
      <subfield code="a">Simeon Theologus</subfield>
      <subfield code="c">Abt, Theologe, Byzanz</subfield>
      <subfield code="d">949-1022</subfield>
    </datafield>
    <datafield tag="400" ind1="0" ind2=" ">
      <subfield code="a">Simeon Theologus</subfield>
      <subfield code="c">Abbé, Théologien, Byzance</subfield>
      <subfield code="d">949-1022</subfield>
    </datafield>
    <datafield tag="400" ind1="0" ind2=" ">
      <subfield code="a">Simeon Theologus</subfield>
      <subfield code="c">Abbot, Theologist, Byzantium</subfield>
      <subfield code="d">949-1022</subfield>
    </datafield>
    <datafield tag="400" ind1="0" ind2=" ">
      <subfield code="a">Symeon the New Theologian</subfield>
      <subfield code="c">Abt, Theologe, Byzanz</subfield>
      <subfield code="d">949-1022</subfield>
    </datafield>
    <datafield tag="400" ind1="0" ind2=" ">
      <subfield code="a">Symeon the New Theologian</subfield>
      <subfield code="c">Abbé, Théologien, Byzance</subfield>
      <subfield code="d">949-1022</subfield>
    </datafield>
    <datafield tag="400" ind1="0" ind2=" ">
      <subfield code="a">Symeon the New Theologian</subfield>
      <subfield code="c">Abbot, Theologist, Byzantium</subfield>
      <subfield code="d">949-1022</subfield>
    </datafield>
    <datafield tag="400" ind1="0" ind2=" ">
      <subfield code="a">Symeon Novus Theologus</subfield>
      <subfield code="c">Abt, Theologe, Byzanz</subfield>
      <subfield code="d">949-1022</subfield>
    </datafield>
    <datafield tag="400" ind1="0" ind2=" ">
      <subfield code="a">Symeon Novus Theologus</subfield>
      <subfield code="c">Abbé, Théologien, Byzance</subfield>
      <subfield code="d">949-1022</subfield>
    </datafield>
    <datafield tag="400" ind1="0" ind2=" ">
      <subfield code="a">Symeon Novus Theologus</subfield>
      <subfield code="c">Abbot, Theologist, Byzantium</subfield>
      <subfield code="d">949-1022</subfield>
    </datafield>
    <datafield tag="400" ind1="0" ind2=" ">
      <subfield code="a">Symeon Constantinopolitanus</subfield>
      <subfield code="c">Abt, Theologe, Byzanz</subfield>
      <subfield code="d">949-1022</subfield>
    </datafield>
    <datafield tag="400" ind1="0" ind2=" ">
      <subfield code="a">Symeon Constantinopolitanus</subfield>
      <subfield code="c">Abbé, Théologien, Byzance</subfield>
      <subfield code="d">949-1022</subfield>
    </datafield>
    <datafield tag="400" ind1="0" ind2=" ">
      <subfield code="a">Symeon Constantinopolitanus</subfield>
      <subfield code="c">Abbot, Theologist, Byzantium</subfield>
      <subfield code="d">949-1022</subfield>
    </datafield>
    <datafield tag="400" ind1="0" ind2=" ">
      <subfield code="a">Symeon der Jüngere</subfield>
      <subfield code="c">Abt, Theologe, Byzanz</subfield>
      <subfield code="d">949-1022</subfield>
    </datafield>
    <datafield tag="400" ind1="0" ind2=" ">
      <subfield code="a">Symeon der Jüngere</subfield>
      <subfield code="c">Abbé, Théologien, Byzance</subfield>
      <subfield code="d">949-1022</subfield>
    </datafield>
    <datafield tag="400" ind1="0" ind2=" ">
      <subfield code="a">Symeon der Jüngere</subfield>
      <subfield code="c">Abbot, Theologist, Byzantium</subfield>
      <subfield code="d">949-1022</subfield>
    </datafield>
    <datafield tag="400" ind1="0" ind2=" ">
      <subfield code="a">Syméon le Studite</subfield>
      <subfield code="c">Abt, Theologe, Byzanz</subfield>
      <subfield code="d">949-1022</subfield>
    </datafield>
    <datafield tag="400" ind1="0" ind2=" ">
      <subfield code="a">Syméon le Studite</subfield>
      <subfield code="c">Abbé, Théologien, Byzance</subfield>
      <subfield code="d">949-1022</subfield>
    </datafield>
    <datafield tag="400" ind1="0" ind2=" ">
      <subfield code="a">Syméon le Studite</subfield>
      <subfield code="c">Abbot, Theologist, Byzantium</subfield>
      <subfield code="d">949-1022</subfield>
    </datafield>
    <datafield tag="400" ind1="0" ind2=" ">
      <subfield code="a">Syméon le Pieux</subfield>
      <subfield code="c">Abt, Theologe, Byzanz</subfield>
      <subfield code="d">949-1022</subfield>
    </datafield>
    <datafield tag="400" ind1="0" ind2=" ">
      <subfield code="a">Syméon le Pieux</subfield>
      <subfield code="c">Abbé, Théologien, Byzance</subfield>
      <subfield code="d">949-1022</subfield>
    </datafield>
    <datafield tag="400" ind1="0" ind2=" ">
      <subfield code="a">Syméon le Pieux</subfield>
      <subfield code="c">Abbot, Theologist, Byzantium</subfield>
      <subfield code="d">949-1022</subfield>
    </datafield>
    <datafield tag="400" ind1="0" ind2=" ">
      <subfield code="a">Symeon der Neue Theologe</subfield>
      <subfield code="c">Abt, Theologe, Byzanz</subfield>
      <subfield code="d">949-1022</subfield>
    </datafield>
    <datafield tag="400" ind1="0" ind2=" ">
      <subfield code="a">Symeon der Neue Theologe</subfield>
      <subfield code="c">Abbé, Théologien, Byzance</subfield>
      <subfield code="d">949-1022</subfield>
    </datafield>
    <datafield tag="400" ind1="0" ind2=" ">
      <subfield code="a">Symeon der Neue Theologe</subfield>
      <subfield code="c">Abbot, Theologist, Byzantium</subfield>
      <subfield code="d">949-1022</subfield>
    </datafield>
    <datafield tag="400" ind1="0" ind2=" ">
      <subfield code="a">Symeon der Theologe</subfield>
      <subfield code="c">Abt, Theologe, Byzanz</subfield>
      <subfield code="d">949-1022</subfield>
    </datafield>
    <datafield tag="400" ind1="0" ind2=" ">
      <subfield code="a">Symeon der Theologe</subfield>
      <subfield code="c">Abbé, Théologien, Byzance</subfield>
      <subfield code="d">949-1022</subfield>
    </datafield>
    <datafield tag="400" ind1="0" ind2=" ">
      <subfield code="a">Symeon der Theologe</subfield>
      <subfield code="c">Abbot, Theologist, Byzantium</subfield>
      <subfield code="d">949-1022</subfield>
    </datafield>
    <datafield tag="400" ind1="0" ind2=" ">
      <subfield code="a">Symeon Junior</subfield>
      <subfield code="c">Abt, Theologe, Byzanz</subfield>
      <subfield code="d">949-1022</subfield>
    </datafield>
    <datafield tag="400" ind1="0" ind2=" ">
      <subfield code="a">Symeon Junior</subfield>
      <subfield code="c">Abbé, Théologien, Byzance</subfield>
      <subfield code="d">949-1022</subfield>
    </datafield>
    <datafield tag="400" ind1="0" ind2=" ">
      <subfield code="a">Symeon Junior</subfield>
      <subfield code="c">Abbot, Theologist, Byzantium</subfield>
      <subfield code="d">949-1022</subfield>
    </datafield>
    <datafield tag="400" ind1="0" ind2=" ">
      <subfield code="a">Symeon Mysticus</subfield>
      <subfield code="c">Abt, Theologe, Byzanz</subfield>
      <subfield code="d">949-1022</subfield>
    </datafield>
    <datafield tag="400" ind1="0" ind2=" ">
      <subfield code="a">Symeon Mysticus</subfield>
      <subfield code="c">Abbé, Théologien, Byzance</subfield>
      <subfield code="d">949-1022</subfield>
    </datafield>
    <datafield tag="400" ind1="0" ind2=" ">
      <subfield code="a">Symeon Mysticus</subfield>
      <subfield code="c">Abbot, Theologist, Byzantium</subfield>
      <subfield code="d">949-1022</subfield>
    </datafield>
    <datafield tag="400" ind1="0" ind2=" ">
      <subfield code="a">Symeon ho Neos Theologos</subfield>
      <subfield code="c">Abt, Theologe, Byzanz</subfield>
      <subfield code="d">949-1022</subfield>
    </datafield>
    <datafield tag="400" ind1="0" ind2=" ">
      <subfield code="a">Symeon ho Neos Theologos</subfield>
      <subfield code="c">Abbé, Théologien, Byzance</subfield>
      <subfield code="d">949-1022</subfield>
    </datafield>
    <datafield tag="400" ind1="0" ind2=" ">
      <subfield code="a">Symeon ho Neos Theologos</subfield>
      <subfield code="c">Abbot, Theologist, Byzantium</subfield>
      <subfield code="d">949-1022</subfield>
    </datafield>
    <datafield tag="400" ind1="0" ind2=" ">
      <subfield code="a">Symeon Neotheologus</subfield>
      <subfield code="c">Abt, Theologe, Byzanz</subfield>
      <subfield code="d">949-1022</subfield>
    </datafield>
    <datafield tag="400" ind1="0" ind2=" ">
      <subfield code="a">Symeon Neotheologus</subfield>
      <subfield code="c">Abbé, Théologien, Byzance</subfield>
      <subfield code="d">949-1022</subfield>
    </datafield>
    <datafield tag="400" ind1="0" ind2=" ">
      <subfield code="a">Symeon Neotheologus</subfield>
      <subfield code="c">Abbot, Theologist, Byzantium</subfield>
      <subfield code="d">949-1022</subfield>
    </datafield>
    <datafield tag="400" ind1="0" ind2=" ">
      <subfield code="a">Symeon Sancti Mamanti</subfield>
      <subfield code="c">Abt, Theologe, Byzanz</subfield>
      <subfield code="d">949-1022</subfield>
    </datafield>
    <datafield tag="400" ind1="0" ind2=" ">
      <subfield code="a">Symeon Sancti Mamanti</subfield>
      <subfield code="c">Abbé, Théologien, Byzance</subfield>
      <subfield code="d">949-1022</subfield>
    </datafield>
    <datafield tag="400" ind1="0" ind2=" ">
      <subfield code="a">Symeon Sancti Mamanti</subfield>
      <subfield code="c">Abbot, Theologist, Byzantium</subfield>
      <subfield code="d">949-1022</subfield>
    </datafield>
    <datafield tag="548" ind1=" " ind2=" ">
      <subfield code="a">949-1022</subfield>
      <subfield code="4">datl</subfield>
      <subfield code="4">https://d-nb.info/standards/elementset/gnd#dateOfBirthAndDeath</subfield>
      <subfield code="w">r</subfield>
      <subfield code="i">Lebensdaten</subfield>
    </datafield>
    <datafield tag="550" ind1=" " ind2=" ">
      <subfield code="0">(DE-101)04000273X</subfield>
      <subfield code="0">(DE-588)4000273-1</subfield>
      <subfield code="0">https://d-nb.info/gnd/4000273-1</subfield>
      <subfield code="a">Abt</subfield>
      <subfield code="4">berc</subfield>
      <subfield code="4">https://d-nb.info/standards/elementset/gnd#professionOrOccupation</subfield>
      <subfield code="w">r</subfield>
      <subfield code="i">Charakteristischer Beruf</subfield>
    </datafield>
    <datafield tag="667" ind1=" " ind2=" ">
      <subfield code="a">RAK-PMA</subfield>
      <subfield code="5">UTS 28.8.2001 / jp</subfield>
      <subfield code="5">CH-ZuETHN</subfield>
    </datafield>
    <datafield tag="667" ind1=" " ind2=" ">
      <subfield code="a">12-PMA</subfield>
    </datafield>
    <datafield tag="667" ind1=" " ind2=" ">
      <subfield code="a">12</subfield>
    </datafield>
    <datafield tag="667" ind1=" " ind2=" ">
      <subfield code="a">VD-17</subfield>
    </datafield>
    <datafield tag="667" ind1=" " ind2=" ">
      <subfield code="a">Quelle: DNB-Normdaten</subfield>
    </datafield>
    <datafield tag="670" ind1=" " ind2=" ">
      <subfield code="a">Tusculum-Lexikon; LThK; Meyer; LMA,VIII,364/65</subfield>
    </datafield>
    <datafield tag="670" ind1=" " ind2=" ">
      <subfield code="a">B 1996, LThK</subfield>
    </datafield>
    <datafield tag="670" ind1=" " ind2=" ">
      <subfield code="a">GND (Ergänzungen: AAK StUB, PND)</subfield>
    </datafield>
    <datafield tag="672" ind1=" " ind2="0">
      <subfield code="a">Simeon &lt;Novus Theologus&gt;: De fide et moribus tum christianis, tum monasticis orationes XX*. - 1603</subfield>
    </datafield>
    <datafield tag="913" ind1=" " ind2=" ">
      <subfield code="S">pnd</subfield>
      <subfield code="i">5</subfield>
      <subfield code="a">Simeon &lt;Novus Theologus&gt;</subfield>
      <subfield code="0">(DE-588a)118620274</subfield>
    </datafield>
    <datafield tag="913" ind1=" " ind2=" ">
      <subfield code="S">pnd</subfield>
      <subfield code="i">5</subfield>
      <subfield code="a">Symeon &lt;der neue Theologe&gt;</subfield>
      <subfield code="0">(DE-588a)118620274</subfield>
    </datafield>
  </record>
